<?xml version="1.0" encoding="UTF-8"?><collection xmlns="http://www.loc.gov/MARC21/slim"><record><leader>00375nam--2200121-i-4500</leader><controlfield tag="001">000017601</controlfield><controlfield tag="002">20161230</controlfield><controlfield tag="005">20161230201032</controlfield><controlfield tag="008">060222s1000------------r-----000-0-eng-d</controlfield><datafield ind1=" " ind2=" " tag="100"><subfield code="a">Adam, H</subfield></datafield><datafield ind1=" " ind2=" " tag="245"><subfield code="a">1965. transactions of the third international vacuum congress, 28 june-2 july 1965, stut- tgart, germany</subfield></datafield><datafield ind1=" " ind2=" " tag="260"><subfield code="a">Oxford, Pergamon Press, 1966 Xxvii + 153 P</subfield></datafield><datafield ind1=" " ind2=" " tag="852"><subfield code="a">24285</subfield></datafield></record></collection>